<?xml version="1.0" encoding="UTF-8"?><record xmlns="http://www.loc.gov/MARC21/slim" xmlns:cinclude="http://apache.org/cocoon/include/1.0" xmlns:zs="http://www.loc.gov/zing/srw/">
  <leader>00425nz  a2200145n  4500</leader>
  <controlfield tag="001">no2008153112</controlfield>
  <controlfield tag="003">DLC</controlfield>
  <controlfield tag="005">20081019080233.0</controlfield>
  <controlfield tag="008">040609n| acannaabn          |a aaa     c</controlfield>
  <datafield tag="010" ind1=" " ind2=" ">
    <subfield code="a">no2008153112</subfield>
  </datafield>
  <datafield tag="035" ind1=" " ind2=" ">
    <subfield code="a">(OCoLC)oca07910415</subfield>
  </datafield>
  <datafield tag="040" ind1=" " ind2=" ">
    <subfield code="a">MX-MxBN</subfield>
    <subfield code="b">eng</subfield>
    <subfield code="c">MX-MxBN</subfield>
  </datafield>
  <datafield tag="100" ind1="1" ind2=" ">
    <subfield code="a">Carranza Valles, Alex</subfield>
  </datafield>
  <datafield tag="400" ind1="1" ind2=" ">
    <subfield code="a">Valles, Alex Carranza</subfield>
  </datafield>
  <datafield tag="670" ind1=" " ind2=" ">
    <subfield code="a">Casas 20 houses : Carranza y Ruiz arquitectos, 2008:</subfield>
    <subfield code="b">t.p. (Alex Carranza Valles)</subfield>
  </datafield>
</record>